@misc {nequip,
   url = {https://www.nature.com/articles/s41467-022-29939-5},
   title = {E(3)-equivariant graph neural networks for data-efficient and accurate interatomic potentials},
   author = {{Batzner "et al."}},
   year = {2022},
}

@misc {rdkit,
   url = {https://www.rdkit.org/docs/Overview.html},
   title = {An overview of the RDKit},
   year = {2024},
   author = {{landrum}},
}

@misc {Mei2018WhyDevelopersShould,
   url = {https://www.freecodecamp.org/news/why-developers-should-know-how-to-write-dc35aa9b71ab/},
   author = {Mei, Derek},
   year = {2018},
   title = {Why developers should know how to write},
}

@misc {pyg,
   url = {https://pytorch-geometric.readthedocs.io/en/latest/},
   author = {PyG Team},
   year = {2024},
   title = {PyG Documentation},
}

@misc {weights,
   author = {Kamaldeep},
   url = {https://www.analyticsvidhya.com/blog/2020/10/improve-class-imbalance-class-weights/},
   title = {How to Improve Class Imbalance using Class Weights in Machine Learning?},
}

@misc {Activity,
   url = {https://www.sciencedirect.com/science/article/pii/S1359644614000361},
   year = {2014},
   title = {Activity cliffs in drug discovery: Dr Jekyll or Mr Hyde?},
   author = {{Cruz-Monteagudo}},
}

@misc {PCA,
   url = {https://www.ibm.com/topics/principal-component-analysis#:~:text=PCA%20is%20very%20effective%20for,use%20with%20machine%20learning%20algorithms.},
   year = {2023},
   title = {What is principal component analysis (PCA)?},
   author = {IBM},
}

@misc {graphite,
   author = {Hsu, Tim},
   url = {https://github.com/LLNL/graphite/blob/main/src/graphite/nn/convs/e3nn_nequip.py},
   year = {2024},
   title = {graphite},
}

@misc {paper1,
   url = {https://pubs.acs.org/doi/10.1021/acs.est.9b04833},
   year = {2019},
   title = {Using Machine Learning to Classify Bioactivity for 3486 Per- and Polyfluoroalkyl Substances (PFASs) from the OECD List},
   author = {Cheng, Weixiao & Ng, Carla},
}
@misc {paper2,
   url = {https://pubs.acs.org/doi/10.1021/acs.estlett.2c00530},
   year = {2022},
   title = {Harnessing Semi-Supervised Machine Learning to Automatically Predict Bioactivities of Per- and Polyfluoroalkyl Substances (PFASs)},
   author = {Kwon, Hyuna},
}

@misc {paper3,
   url = {https://www.sciencedirect.com/science/article/pii/S2666651021000012},
   year = {2020},
   title = {Graph neural networks: A review of methods and applications},
   author = {Zhou},
}

@misc {bioactivity,
   url = {https://www.sciencedirect.com/topics/engineering/bioactivity},
   year = {2012},
   title = {Bioactivity},
   author = {Shen, James},
}
@misc {bone,
   url = {https://pmc.ncbi.nlm.nih.gov/articles/PMC2690089/},
   year = {2009},
   title = {Bioactive ceramic-based materials with designed reactivity for bone tissue regeneration},
   author = {Ohtsuki, Chikara},
}
@misc {acid,
   url = {https://pubchem.ncbi.nlm.nih.gov/compound/9554},
   year = {2024},
   title = {Perfluorooctanoic acid (compound)},
   author = {PubChem},
}

@misc {acumulate,
   url = {https://enveurope.springeropen.com/articles/10.1186/s12302-023-00721-8},
   year = {2023},
   title = {PFAS: forever chemicalsâ€”persistent, bioaccumulative and mobile. Reviewing the status and the need for their phase out and remediation of contaminated sites},
   author = {Brunn},
}

@misc {bioassay,
   url = {https://www.sciencedirect.com/topics/medicine-and-dentistry/bioassay},
   year = {2023},
   title = {Bioassay},
   author = {Olivo, Paul},
}
@misc {smiles,
   url = {https://archive.epa.gov/med/med_archive_03/web/html/smiles.html},
   year = {2016},
   title = {SMILES Tutorial},
   author = {EPA},
}
@misc {nn,
   url = {https://www.ibm.com/topics/neural-networks},
   year = {2024},
   title = {What is a neural network?},
   author = {IBM},
}
@misc {gnn,
   url = {https://distill.pub/2021/gnn-intro/},
   year = {2024},
   title = {A Gentle Introduction to Graph Neural Networks},
   author = {Distill},
}
@misc {loss,
   url = {https://www.datacamp.com/tutorial/introduction-to-activation-functions-in-neural-networks},
   year = {2024},
   title = {Introduction to Activation Functions in Neural Networks},
   author = {datacamp},
}
@misc {fbeta,
   url = {https://machinelearningmastery.com/fbeta-measure-for-machine-learning/#:~:text=The%20Fbeta%2Dmeasure%20is%20a,when%20calculating%20a%20single%20score},
   year = {2020},
   title = {A Gentle Introduction to the Fbeta-Measure for Machine Learning},
   author = {Brownlee, Jason},
}
